<record><leader>00000cas a22000007a 4500</leader><controlfield tag="001">18187858</controlfield><controlfield tag="008">880708d19581960nyuer ne      0    0eng d</controlfield><datafield ind1=" " ind2=" " tag="010"><subfield code="a">sn 88074267 </subfield></datafield><datafield ind1=" " ind2=" " tag="040"><subfield code="a">NYS</subfield><subfield code="b">eng</subfield><subfield code="c">NYS</subfield><subfield code="d">OCL</subfield><subfield code="d">OCLCQ</subfield></datafield><datafield ind1=" " ind2=" " tag="042"><subfield code="a">msc</subfield></datafield><datafield ind1="0" ind2="4" tag="245"><subfield code="a">The Clyde independent &amp; the Rose times.</subfield></datafield><datafield ind1="3" ind2="0" tag="246"><subfield code="a">Clyde independent and the Rose times</subfield></datafield><datafield ind1="3" ind2="0" tag="246"><subfield code="a">Rose times</subfield></datafield><datafield ind1="1" ind2="3" tag="246"><subfield code="a">Independent and the Rose times</subfield></datafield><datafield ind1=" " ind2=" " tag="260"><subfield code="a">Clyde, N.Y. :</subfield><subfield code="b">A.J. &amp; W.E. Morrison,</subfield><subfield code="c">1958-</subfield></datafield><datafield ind1=" " ind2=" " tag="300"><subfield code="a">v.</subfield></datafield><datafield ind1=" " ind2=" " tag="310"><subfield code="a">Biweekly</subfield></datafield><datafield ind1="0" ind2=" " tag="362"><subfield code="a">Vol. 3, no. 3 (Feb. 5, 1958)-v. 82, no. 11 (May 25, 1960).</subfield></datafield><datafield ind1=" " ind2=" " tag="515"><subfield code="a">Vol. numbering changes from v. 3 (Dec. 1958) to v. 81 (Jan. 1959).</subfield></datafield><datafield ind1=" " ind2="4" tag="651"><subfield code="a">Clyde (N.Y.)</subfield><subfield code="v">Newspapers.</subfield></datafield><datafield ind1=" " ind2="4" tag="651"><subfield code="a">Rose (N.Y.)</subfield><subfield code="v">Newspapers.</subfield></datafield><datafield ind1=" " ind2="4" tag="651"><subfield code="a">Rose (N.Y. : Town)</subfield><subfield code="v">Newspapers.</subfield></datafield><datafield ind1=" " ind2=" " tag="752"><subfield code="a">United States</subfield><subfield code="b">New York</subfield><subfield code="c">Wayne</subfield><subfield code="d">Clyde.</subfield></datafield><datafield ind1=" " ind2=" " tag="752"><subfield code="a">United States</subfield><subfield code="b">New York</subfield><subfield code="c">Wayne</subfield><subfield code="d">Rose.</subfield></datafield><datafield ind1="0" ind2="4" tag="780"><subfield code="t">Clyde independent</subfield><subfield code="w">(DLC)sn 88074265</subfield><subfield code="w">(OCoLC)18188691</subfield></datafield><datafield ind1="0" ind2="4" tag="780"><subfield code="t">Rose times</subfield><subfield code="w">(DLC)sn 88074264</subfield><subfield code="w">(OCoLC)18139663</subfield></datafield></record>